@article{example2002,
  title = {Example of Reference},
  author = {Example Author},
  year = {2002},
  month = dec,
  journal = {Example Journal},
  volume = {212},
  pages = {171--182},
  issn = {0304-4238},
  doi = {10.1016/j.scienta.2016.09},
  urldate = {2024-10-09}
}
